

@inproceedings{Ng01Spectral,
    author = {Ng, Andrew Y. and Jordan, Michael I. and Weiss, Yair},
    booktitle = {Advances in Neural Information Processing Systems 14},
    pages = {849--856},
    posted-at = {2009-10-10 03:31:23},
    priority = {2},
    title = {On spectral clustering: Analysis and an algorithm},
    volume = {14},
    year = {2001}
}

@Article{PRL:SSA:2009,
  title = {Finding Stationary Subspaces in Multivariate Time Series},
  author = {von B\"unau, Paul  and Meinecke, Frank C. and Kir\'aly, Franz C. and M\"uller, Klaus-Robert },
  journal = {Phys. Rev. Lett.},
  volume = {103},
  number = {21},
  pages = {214101},
  numpages = {4},
  year = {2009},
  month = {Nov},
  doi = {10.1103/PhysRevLett.103.214101},
  publisher = {American Physical Society}
}

@inproceedings{SSA_ICA09,
  author    = {Paul von B{\"u}nau and
               Frank C. Meinecke and
               Klaus-Robert M{\"u}ller},
  title     = {Stationary Subspace Analysis},
  booktitle = {Independent Component Analysis and Signal Separation, 8th
               International Conference, ICA 2009, Paraty, Brazil, March
               15-18, 2009. Proceedings},
  year      = {2009},
  pages     = {1-8},
  ee        = {http://dx.doi.org/10.1007/978-3-642-00599-2_1},
  crossref  = {DBLP:conf/ida/2009},
  bibsource = {DBLP, http://dblp.uni-trier.de}
}

@proceedings{DBLP:conf/ida/2009,
  editor    = {T{\"u}lay Adali and
               Christian Jutten and
               Jo{\~a}o Marcos Travassos Romano and
               Allan Kardec Barros},
  booktitle     = {Independent Component Analysis and Signal Separation, 8th
               International Conference, ICA 2009, Paraty, Brazil, March
               15-18, 2009. Proceedings},
  publisher = {Springer},
  series    = {Lecture Notes in Computer Science},
  volume    = {5441},
  year      = {2009},
  isbn      = {978-3-642-00598-5},
  ee        = {http://dx.doi.org/10.1007/978-3-642-00599-2},
  bibsource = {DBLP, http://dblp.uni-trier.de}
}

@Article{Jay57,
  author =   {E. T. Jaynes},
  title =    {Information Theory and Statistical Mechanics},
  journal =    {Physical Review},
  year =   1957,
  volume =   160,
  number =   {620--630}
}

@Article{Plu05,
  author =   {Mark D. Plumbley},
  title =    {Geometrical methods for non-negative ICA: Manifolds, Lie groups and toral subalgebras},
  journal =    {Neurocomputing},
  year =   2005,
  volume =   67,
  number =   {161--197}
}

@incollection{Bla08Invariant,
 title = {Invariant Common Spatial Patterns: Alleviating Nonstationarities in Brain-Computer Interfacing},
 author = {Benjamin Blankertz and Motoaki Kawanabe and Ryota Tomioka and Friederike Hohlefeld and Vadim Nikulin and Klaus-Robert M\"uller},
 booktitle = {Advances in Neural Information Processing Systems 20},
 editor = {J.C. Platt and D. Koller and Y. Singer and S. Roweis},
 publisher = {MIT Press},
 address = {Cambridge, MA},
 pages = {113--120},
 year = {2008}
}

@ARTICLE{Econometrica:Heckman:1979,
  AUTHOR = {Heckman, J. J.},
  TITLE = {Sample Selection Bias as a Specification Error},
  JOURNAL = {Econometrica},
  YEAR = {1979},
  VOLUME = {47},
  NUMBER = {1},
  PAGES = {153--162}
}

@Article{AISM:Sugiyama+etal:2008,
  author = 	 {Sugiyama, M. and Suzuki, T. and Nakajima, S. and Kashima, H.
                  and von B\"unau, P. and Kawanabe, M.},
  TITLE       = {Direct Importance Estimation for Covariate Shift Adaptation},
  JOURNAL     = {Annals of the Institute of Statistical Mathematics},
  VOLUME      = {60},
  NUMBER      = {4},
  PAGES       = {699--746},
  YEAR = {2008},
}


@article{En78Co,
     jstor_articletype = {primary_article},
     title = {Co-Integration and Error Correction: Representation, Estimation, and Testing},
     author = {Engle, Robert F. and Granger, C. W. J.},
     journal = {Econometrica},
     jstor_issuetitle = {},
     volume = {55},
     number = {2},
     jstor_formatteddate = {Mar., 1987},
     pages = {251--276},
     abstract = {},
     publisher = {The Econometric Society},
     language = {},
     copyright = {Copyright © 1987 The Econometric Society},
     year = {1987},
    }

@ARTICLE{JSPI:Shimodaira:2000,
        AUTHOR = {H. Shimodaira},
        TITLE = {Improving Predictive Inference under Covariate Shift
                 by Weighting the Log-Likelihood Function},
  journal =  {Journal of Statistical Planning and Inference},
  year =   2000,
  volume =   {90},
  number = {2},
  pages =  {227--244}
}

@Article{nn:Murata+Kawanabe+Ziehe:2002,
  author =       {N. Murata and M. Kawanabe and A. Ziehe and K.-R. M{\"u}ller and S. Amari},
  title =        {On-line learning in changing environments with applications in supervised and unsupervised learning},
  journal =      {Neural Networks},
  volume =       15,
  number =       {4-6},
  year =         2002,
  pages =        {743--760}
}

@incollection{NIPS2006_583,
 title = {A Kernel Method for the Two-Sample-Problem},
 author = {Arthur Gretton and Karsten M. Borgwardt and Malte Rasch and Bernhard SchÃ¶lkopf and Alexander J. Smola},
 booktitle = {Advances in Neural Information Processing Systems 19},
 editor = {B. Sch\"{o}lkopf and J. Platt and T. Hoffman},
 publisher = {MIT Press},
 address = {Cambridge, MA},
 pages = {513--520},
 year = {2007}
}

@Article{Ann-Statist:Friedman+Rafsky:1979,
  author =   {J. Friedman and L. Rafsky},
  title =    {Multivariate Generalizations of the {W}ald-{W}olfowitz and
                 {S}mirnov Two-sample Tests},
  journal =    {The Annals of Statistics},
  year =   1979,
  volume =   7,
  NUMBER = {4},
  pages =  {697--717}
}

@BOOK{book:Quinonero-Candela+etal:2008,
       EDITOR = {J. Qui{\~n}onero-Candela and M. Sugiyama and A. Schwaighofer and N. Lawrence},
       TITLE = {Dataset Shift in Machine Learning},
       PUBLISHER = {MIT Press},
       YEAR = {2008},
       ADDRESS = {Cambridge, MA}
}

@book{AMD, 
 author =  {M. F. Atiyah and I. G. MacDonald}, 
 title = {Introduction to Commutative Algebra},
 publisher = {Addison-Wesley}, 
 year = {1969}
}

@book{WeakStat, 
	author = { M. B. Priestley  },
  title = { Spectral Analysis and Time Series },
  publisher = { Academic Press },
  year = {1983  }
}

@book{HAG,
 author =  {R. Hartshorne}, 
 title = {Algebraic Geometry},
 publisher = {Springer}, 
 year = {2006}
}

@book{LiuAG,
 author =  {Q. Liu}, 
 title = {Geometry and Arithmetic of Curves},
 publisher = {Oxford University Press}, 
 year = {2002}
}

@book{Seismic,
  author = {Oz Yilmaz}, 
  title = { Seismic Data Analysis }, 
  publisher = { Society Of Exploration Geophysicists  }, 
  year = { 2001 }
}

@BOOK{book:Hyvarinen+Karhunen+Oja:2001,
  AUTHOR = {A. Hyv\"arinen and J. Karhunen and E. Oja},
  TITLE = {Independent Component Analysis},
  PUBLISHER = {Wiley},
  YEAR = {2001},
  ADDRESS = {New York}
}

@Article{Akaike74,
  author =   "H.~Akaike",
  title =  "A new look at the statistical model identification",
  journal =  "IEEE Trans.~Automat.~Control",
  volume =   "19",
  number =   "6",
  pages =  "716--723",
  year =   "1974"
}

@Article{Gower69SingleLinkage, 
  author = "J. C. Gower and G. J. S. Ross",
  title = "Minimum Spanning Trees and Single Linkage Cluster Analysis", 
  journal = "Journal of the Royal Statistical Society", 
  volume = "18",
  number = "1",
  pages = "54--64",
  year = "1969"
}

@book{Nocedal99,
  author = {Nocedal, Jorge and Wright, Stephen  J. },
  publisher = {Springer},
  title = {Numerical Optimization},
  year = {1999}
}

@book{Bak02,
  author       = {A. Baker},
  title        = {Matrix Groups},
  publisher    = {Springer-Verlag},
  address      = {Berlin},
  year         = {2002}
}


@article{blankertz2008csp,
  abstract = {Due to the volume conduction multichannel electroencephalogram (EEG) recordings give a rather blurred image of brain activity. Therefore spatial filters are extremely useful in single-trial analysis in order to improve the signal-to-noise ratio. There are powerful methods from machine learning and signal processing that permit the optimization of spatio-temporal filters for each subject in a data dependent fashion beyond the fixed filters based on the sensor geometry, e.g., Laplacians. Here we elucidate the theoretical background of the common spatial pattern (CSP) algorithm, a popular method in brain-computer interface (BCD research. Apart from reviewing several variants of the basic algorithm, we reveal tricks of the trade for achieving a powerful CSP performance, briefly elaborate on theoretical aspects of CSP, and demonstrate the application of CSP-type preprocessing in our studies of the Berlin BCI (BBCI) project.},
  author = {Blankertz, B.  and Tomioka, R.  and Lemm, S.  and Kawanabe, M.  and M\"uller, K. R. },
  booktitle = {Signal Processing Magazine, IEEE},
  citeulike-article-id = {3642960},
  doi = {http://dx.doi.org/10.1109/MSP.2008.4408441},
  journal = {Signal Processing Magazine, IEEE},
  keywords = {bci, csp, eeg},
  number = {1},
  pages = {41--56},
  posted-at = {2009-01-04 05:13:03},
  priority = {2},
  title = {Optimizing Spatial filters for Robust EEG Single-Trial Analysis},
  volume = {25},
  year = {2008}
}

@article{BlaNeuroImage07,
title = "The non-invasive Berlin Brain-Computer Interface: Fast acquisition of effective performance in untrained subjects",
journal = "NeuroImage",
volume = "37",
number = "2",
pages = "539 - 550",
year = "2007",
note = "",
author = "Benjamin Blankertz and Guido Dornhege and Matthias Krauledat and Klaus-Robert M{\"u}ller and Gabriel Curio"
}

@book{BCIBook,
 author = {Dornhege, Guido and Mill\'{a}n, Jos\'{e} del R. and Hinterberger, Thilo and McFarland, Dennis J. and M\"{u}ller, Klaus-Robert},
 title = {Toward Brain-Computer Interfacing},
 year = {2007},
 publisher = {The MIT Press},
 }

@article{tdsep,
 author = {Ziehe,, Andreas and Laskov,, Pavel and Nolte,, Guido and M\"{u}ller,, Klaus-Robert},
 title = {A Fast Algorithm for Joint Diagonalization with Non-orthogonal Transformations and its Application to Blind Source Separation},
 journal = {J. Mach. Learn. Res.},
 volume = {5},
 year = {2004},
 pages = {777--800},
 publisher = {MIT Press},
 address = {Cambridge, MA, USA},
 }

@article{Berger1929,
  author =  {Hans Berger},
  title =  {\"{U}ber das Elektroencephalogramm des Menschen},
  journal =  {Archiv fur Psychiatrie und Nervenkrankheiten},
  year =  {1929},
  volume =  {87},
  pages =  {527--570}
}

@Article{CSP,
 Author="Koles, Z. J. ",
 Title="{{T}he quantitative extraction and topographic mapping of the abnormal components in the clinical {E}{E}{G}}",
 Journal="Electroencephalogr Clin Neurophysiol",
 Year="1991",
 Volume="79",
 Pages="440--447",
 Month="Dec"
}

@book{Geophysics,
 author = {William Menke}, 
 title = {Geophysical Data Analysis: Discrete Inverse Theory},
 year = {1989},
 isbn = {0124909213},
 publisher = {Academic Press}
}

@Book{KantzNonlinear, 	
 AUTHOR = {Holger Kantz and Thomas Schreiber},
  TITLE = {Nonlinear Time Series Analysis},
  PUBLISHER = {Cambridge University Press},
  YEAR = {2004},
  ADDRESS = {Cambridge}
}

@BOOK{ICABook,
  AUTHOR = {A. Hyv\"arinen and J. Karhunen and E. Oja},
  TITLE = {Independent Component Analysis},
  PUBLISHER = {Wiley},
  YEAR = {2001},
  ADDRESS = {New York}
}

@book{SyncBook,
  author = {Pikovsky, Arkady   and Rosenblum, Michael   and Kurths, J\"{u}rgen  },
  month = {April},
  publisher = {{Cambridge University Press}},
  title = {Synchronization: A Universal Concept in Nonlinear Sciences},
  year = {2003}
}

@article{KaufmannCointegration, 
  author = {Kaufmann, R. K.  and Stern, D. I. },
  journal = {Journal of Geophysical Research},
  number = {D2},
  pages = {8-1 - 8-10+},
  title = {Cointegration Analysis of Hemispheric Temperature Relations},
  volume = {107},
  year = {2002}
}

@article{NeuroNonstat, 
	author = {M\"{a}kinen, Ville T  T.  and May, Patrick J C  J.  and Tiitinen, Hannu  },
	citeulike-article-id = {259803},
	doi = {10.1016/j.neuroimage.2005.06.004},
	issn = {1053-8119},
	journal = {Neuroimage},
	month = {July},
	posted-at = {2006-01-26 08:09:28},
	priority = {2},
	title = {The use of stationarity and nonstationarity in the detection and analysis of neural oscillations.},
	year = {2005}
}

@ARTICLE{Clay05recipesfor,
    author = {Lucas Parra Clay and Lucas C. Parra and Clay D. Spence and B Adam D. Gerson and Paul Sajda C},
    title = {Recipes for the linear analysis of EEG},
    journal = {NeuroImage},
    year = {2005},
    volume = {28},
    pages = {326--341}
}




